@INPROCEEDINGS{9460487,  author={Bez, Jean Luca and Miranda, Alberto and Nou, Ramon and Boito, Francieli Zanon and Cortes, Toni and Navaux, Philippe},  booktitle={2021 IEEE International Parallel and Distributed Processing Symposium (IPDPS)},   title={Arbitration Policies for On-Demand User-Level I/O Forwarding on HPC Platforms},   year={2021},  volume={},  number={},  pages={577-586},  doi={10.1109/IPDPS49936.2021.00066}}
@INPROCEEDINGS{8322970,  author={Yu, Jie and Liu, Guangming and Dong, Wenrui and Li, Xiaoyong and Zhang, Jian and Sun, Fuxing},  booktitle={2017 3rd IEEE International Conference on Computer and Communications (ICCC)},   title={On the load imbalance problem of I/O forwarding layer in HPC systems},   year={2017},  volume={},  number={},  pages={2424-2428},  doi={10.1109/CompComm.2017.8322970}}
@INPROCEEDINGS{9307161,  author={Bez, Jean Luca and Boito, Francieli Z. and Miranda, Alberto and Nou, Ramon and Cortes, Toni and Navaux, Philippe O. A.},  booktitle={2020 IEEE/ACM Fifth International Parallel Data Systems Workshop (PDSW)},   title={Towards On-Demand I/O Forwarding in HPC Platforms},   year={2020},  volume={},  number={},  pages={7-14},  doi={10.1109/PDSW51947.2020.00007}}